@Misc{Wiki:Typografie,
author = "Wikipedia",
title = "Typografie",
howpublished = "online",
revised = "Posledná zmena 5. 4. 2017",
cited = "!2017-04-15",
url = "https://cs.wikipedia.org/wiki/Typografie",
}

@MasterThesis{Cerny:Znakove_sady,
author = " Černý, Martin",
title = "Znakové sady v typografických systémech",
school = "Mendelova zemědělská a lesnická univerzita v Brně",
address = "Brno",
year = "1999",
}

@MasterThesis{Kubova_Adobe,
author = "Kubová, Marcela",
title = "Kontrola typografie v Adobe InDesign",
school = "Západočeská univerzita v Plzni",
year = "2011",
address = "Plzeň",
}

@BachelorThesis{Uhrik:Bakalar,
author = "Uhrík, Richard",
title = "Vývoj a súčasnosť typografie vo svete",
school = "Univerzita Komenského v~Bratislave",
address = "Bratislava",
year = "2013",
}

@Article{Cin_Magazine,
journal = "Cincinnati magazine",
title = "The C.J. Krehbiel Company",
year = "1996",
issn = "0746--8210",
pages  = "17",
month   = "2",
volume =  "6",
number = "2",
}

@Article{Dwell,
journal = "Dwell",
year    = "2007",
issn    = "1530-5309",
title   = "Letter Perfect",
pages  = "121-122",
month   = "2",
volume  = "3",
number = "10",
}

@book{History_of_Typography,
title="Printers' Marks: A Chapter in the History of Typography",
author="Roberts, W.",
isbn="9781141535774",
year="2010",
publisher="BiblioBazaar",
}

@book{Rybicka:Latex,
title="LATEX pro začátečníky",
author="Rybička, J.",
isbn="9788073020491",
year="2003",
publisher="Konvoj",
}

@InProceedings{Konferencia,
author = "Syropulos, Apostolos and Berry, Karl and others",
title = "Tex, XML, and Digital Typography",
booktitle = "International Conference on TeX, XML, and Digital Typography Held Jointly with the 25th Annual Meeting of the TeX User Group",
address = "Berlin",
publisher = "Springer--Verlag",
year = "2004",
isbn = "3--540--22801--2",
}

@Misc{Jak_psat,
author = "Robert Janák",
title = "Jak psát správné znaky",
howpublished = "online",
revised = "Posledná zmena 27. 2. 2012 ",
cited = "!2017-04-15",
url = "http://www.typografie.unas.cz/zpravodajTypograf/Jak-psat-1.pdf",
}

@Misc{Martinek_Latex,
author = "David Martinek",
title = "\LaTeX{}ové speciality",
howpublished = "online",
revised = "Posledná zmena 25. 2. 2010 ",
cited = "!2017-04-15",
url = {http://www.fit.vutbr.cz/{\textasciitilde}martinek/latex},
}
